<?xml version="1.0" encoding="UTF-8"?><record xmlns="http://www.loc.gov/MARC21/slim" xmlns:cinclude="http://apache.org/cocoon/include/1.0" xmlns:zs="http://www.loc.gov/zing/srw/">
  <leader>00694cz  a2200169n  4500</leader>
  <controlfield tag="001">nr2005011602</controlfield>
  <controlfield tag="003">DLC</controlfield>
  <controlfield tag="005">20090313080543.0</controlfield>
  <controlfield tag="008">050511n| acannaabn          |a aaa     c</controlfield>
  <datafield tag="010" ind1=" " ind2=" ">
    <subfield code="a">nr2005011602</subfield>
  </datafield>
  <datafield tag="035" ind1=" " ind2=" ">
    <subfield code="a">(OCoLC)oca06635479</subfield>
  </datafield>
  <datafield tag="040" ind1=" " ind2=" ">
    <subfield code="a">PU-AML</subfield>
    <subfield code="b">eng</subfield>
    <subfield code="c">PU-AML</subfield>
    <subfield code="d">OOC</subfield>
  </datafield>
  <datafield tag="100" ind1="1" ind2=" ">
    <subfield code="a">Handl, Jacob,</subfield>
    <subfield code="d">1550-1591.</subfield>
    <subfield code="t">Musicum opus,</subfield>
    <subfield code="n">3. tomus.</subfield>
    <subfield code="p">Planxit David rex Absalon</subfield>
  </datafield>
  <datafield tag="400" ind1="1" ind2=" ">
    <subfield code="a">Handl, Jacob,</subfield>
    <subfield code="d">1550-1591.</subfield>
    <subfield code="t">Planxit David rex Absalon</subfield>
  </datafield>
  <datafield tag="400" ind1="1" ind2=" ">
    <subfield code="a">Handl, Jacob,</subfield>
    <subfield code="d">1550-1591.</subfield>
    <subfield code="t">Planxit David</subfield>
  </datafield>
  <datafield tag="670" ind1=" " ind2=" ">
    <subfield code="a">Handl, J. Opus musicum [SR] p1994:</subfield>
    <subfield code="b">container (Planxit David)</subfield>
  </datafield>
  <datafield tag="670" ind1=" " ind2=" ">
    <subfield code="a">Handl, J. Opus musicum, 1985:</subfield>
    <subfield code="b">v. 4, pt. 4, [alphabetical index], p. 222 (Planxit David rex Absalon, III. tom., 29; 8 parts)</subfield>
  </datafield>
</record>